<record><leader>04824nam a2200433 i 4500</leader><controlfield tag="001">6800034</controlfield><controlfield tag="003">CaPaEBR</controlfield><controlfield tag="005">20150111143425.0</controlfield><controlfield tag="006">m    eo  d        </controlfield><controlfield tag="007">cr cn |||m|||a</controlfield><controlfield tag="008">150111s2015    nyu    foab   001 0 eng d</controlfield><datafield ind1=" " ind2=" " tag="020"><subfield code="a">9781606497951</subfield><subfield code="q">e-book</subfield></datafield><datafield ind1=" " ind2=" " tag="020"><subfield code="z">9781606497944</subfield><subfield code="q">paperback</subfield></datafield><datafield ind1=" " ind2=" " tag="035"><subfield code="a">ocn900011255</subfield></datafield><datafield ind1=" " ind2=" " tag="039"><subfield code="a">exclude</subfield></datafield><datafield ind1=" " ind2=" " tag="040"><subfield code="a">CaBNVSL</subfield><subfield code="b">eng</subfield><subfield code="e">rda</subfield><subfield code="c">CaBNVSL</subfield><subfield code="d">CaBNVSL</subfield><subfield code="d">AEU</subfield></datafield><datafield ind1=" " ind2="4" tag="050"><subfield code="a">HF5387</subfield><subfield code="b">.O398 2015</subfield></datafield><datafield ind1="0" ind2="4" tag="082"><subfield code="a">174.4</subfield><subfield code="2">23</subfield></datafield><datafield ind1=" " ind2=" " tag="090"><subfield code="a">Internet Access</subfield><subfield code="b">AEU</subfield></datafield><datafield ind1="1" ind2=" " tag="100"><subfield code="a">Ogunyemi, Kemi.,</subfield><subfield code="e">author.</subfield></datafield><datafield ind1="1" ind2="0" tag="245"><subfield code="a">Teaching ethics across the management curriculum :</subfield><subfield code="b">a handbook for international faculty /</subfield><subfield code="c">Kemi Ogunyemi.</subfield></datafield><datafield ind1=" " ind2=" " tag="250"><subfield code="a">First edition.</subfield></datafield><datafield ind1=" " ind2="1" tag="264"><subfield code="a">New York, New York (222 East 46th Street, New York, NY 10017) :</subfield><subfield code="b">Business Expert Press,</subfield><subfield code="c">2015.</subfield></datafield><datafield ind1=" " ind2=" " tag="300"><subfield code="a">1 online resource (xiii, 365 pages)</subfield></datafield><datafield ind1=" " ind2=" " tag="336"><subfield code="a">text</subfield><subfield code="2">rdacontent</subfield></datafield><datafield ind1=" " ind2=" " tag="337"><subfield code="a">computer</subfield><subfield code="2">rdamedia</subfield></datafield><datafield ind1=" " ind2=" " tag="338"><subfield code="a">online resource</subfield><subfield code="2">rdacarrier</subfield></datafield><datafield ind1="1" ind2=" " tag="490"><subfield code="a">Principles of responsible management education collection,</subfield><subfield code="x">2331-0022</subfield></datafield><datafield ind1=" " ind2=" " tag="504"><subfield code="a">Includes bibliographical references and index.</subfield></datafield><datafield ind1="0" ind2=" " tag="505"><subfield code="a">Chapter 1. Teaching ethics across the management curriculum / Kemi Ogunyemi -- Chapter 2. Teaching ethics in business policy (strategy) courses / Michael E. Cafferky -- Chapter 3. Ethical foundations for organizational decision making at the operational and strategic levels / Thomas G. Pittz and Melissa Cast -- Chapter 4. Ethics and agency theory in management / Unsal Sigri and Umit Ercan -- Chapter 5. Embedding ethics and social responsibility in management accounting courses / Jan Bell, Cathleen S. Burns, and Donna R. Sockell -- Chapter 6. Ethical dimensions in the teaching of economics and the tradition of critical political economy / Patrick O'Sullivan -- Chapter 7. Teaching ethics in operations management / Arnd Huchzermeier, Eva Kohl, and Stefan Spinler -- Chapter 8. Teaching ethics in supply chain management / Gerald Burch, Walter Kendall, and Joanna Shaw -- Chapter 9. Teaching ethics in decision making: embedding moral reasoning in the management of information systems / Olayinka David-West -- Chapter 10. Embedding ethical issues in marketing management classes: an instructor's guide / Uchenna Uzo -- Chapter 11. Incorporating ethics in teaching consumer behavior: an educational strategy based on principles for responsible management education / Consuelo Garcia-de-la-Torre, Gloria Camacho, and Osmar Arandia -- Chapter 12. Teaching ethics in human resources management / Silke Bustamante -- Chapter 13. Teaching ethics in career management / Olusegun Babalola and Ifedapo Adeleye -- Chapter 14. Ethics in negotiation / Barney Jordan and David Venter -- Chapter 15. Ethics in managing corporate power and politics / Duane Windsor -- Chapter 16. Ethical dimensions of community and investor relations communication and governance for sustainable management / Judith Y. Weisinger and Edward L. Quevedo -- Chapter 17. Future of ethics education in management curricula / Emeka Enwere and Uchenna Uzo.</subfield></datafield><datafield ind1=" " ind2=" " tag="506"><subfield code="a">Access restricted to authorized users and institutions.</subfield></datafield><datafield ind1="3" ind2=" " tag="520"><subfield code="a">The need to embed business ethics in the teaching of management disciplines has at times given rise to a debate as to whether ethics should be taught as a standalone course or in an embedded manner. So far, the majority of opinions favor a consensus that both approaches are relevant and should be used complementarily for optimal results. This book provides unique insights into the experience of seasoned academics regarding embedding business ethics into their teaching of the practice of management. Its multidisciplinary approach makes its content very rich, since the insights of our colleagues from within their fields are invaluable. The book therefore functions as a handbook for faculty as well as a complementary textbook for the business student (to highlight the ethical dilemmas for the different managerial functional roles). Disciplines covered include decision- making, strategy and agency theory; management accounting and macroeconomics; operations management, supply chain management and the management of information systems; marketing and consumer behavior; human resources management, career management, negotiation, managing corporate power and politics, and community and investor relations.</subfield></datafield><datafield ind1=" " ind2=" " tag="588"><subfield code="a">Title from PDF title page (viewed on January 11, 2015).</subfield></datafield><datafield ind1=" " ind2=" " tag="596"><subfield code="a">44</subfield></datafield><datafield ind1=" " ind2="0" tag="650"><subfield code="a">Business ethics.</subfield></datafield><datafield ind1=" " ind2="0" tag="830"><subfield code="a">Principles of responsible management education collection.</subfield><subfield code="x">2331-0022</subfield></datafield><datafield ind1="4" ind2="0" tag="856"><subfield code="3">University of Alberta Access</subfield><subfield code="u">http://site.ebrary.com/lib/ualbertagep/Doc?id=11001839</subfield></datafield><datafield ind1=" " ind2=" " tag="949"><subfield code="h">UAIN</subfield><subfield code="z">EBRARYBEP</subfield></datafield><datafield ind1=" " ind2=" " tag="926"><subfield code="a">Internet Access</subfield><subfield code="w">LC</subfield><subfield code="c">1</subfield><subfield code="i">6800034-1001</subfield><subfield code="l">INTERNET</subfield><subfield code="m">UAINTERNET</subfield><subfield code="r">Y</subfield><subfield code="s">Y</subfield><subfield code="t">E-RESOURCE</subfield><subfield code="u">2/9/2015</subfield><subfield code="x">E-BOOK</subfield><subfield code="z">EBRARYBEP</subfield></datafield></record>